
@misc{libnoise_coherent_noise,
	title = "libnoise",
    url = "http://libnoise.sourceforge.net/coherentnoise/index.html"
}
